<?xml version="1.0" encoding="UTF-8"?><collection xmlns="http://www.loc.gov/MARC21/slim"><record><leader>00468nam--2200157-i-4500</leader><controlfield tag="001">000011556</controlfield><controlfield tag="002">20161230</controlfield><controlfield tag="005">20161230201029</controlfield><controlfield tag="008">060222s1000------------r-----000-0-eng-d</controlfield><datafield ind1=" " ind2=" " tag="080"><subfield code="a">513.83</subfield></datafield><datafield ind1=" " ind2=" " tag="100"><subfield code="a">Bessaga,Czeslaw And Pelczynski,Aleksander</subfield></datafield><datafield ind1=" " ind2=" " tag="245"><subfield code="a">Selected topics in infinite-dimensional topolo gy</subfield></datafield><datafield ind1=" " ind2=" " tag="260"><subfield code="a">Warszawa,Polsh Scientific Publishers,1975. 353p</subfield></datafield><datafield ind1=" " ind2=" " tag="490"><subfield code="a">Monografie Matematyczne</subfield></datafield><datafield ind1=" " ind2=" " tag="852"><subfield code="a">42835</subfield><subfield code="c">513.83</subfield></datafield><datafield ind1=" " ind2=" " tag="CAT"><subfield code="a">Sys</subfield><subfield code="c">20080609</subfield><subfield code="h">100920</subfield></datafield></record></collection>